
@article{psych,
	title = {psych: Procedures for Psychological, Psychometric, and Personality Research},
	author = {, William Revelle},
	year = {2024},
	date = {2024},
	url = {https://CRAN.R-project.org/package=psych}
}

@misc{fema2023nhs,
  author       = "{Federal Emergency Management Agency (FEMA)}",
  title        = "{2023 National Household Survey}",
  year         = 2023,
  url          = "https://www.fema.gov/about/research-methodology/national-household-survey",
  note         = "Accessed: November 20, 2024. FEMA and the Federal Government cannot vouch for the data or analyses derived from these data after the data have been retrieved from the Agency's website."
}

@article{jiang2023,
	title = {Leveraging Machine Learning and Simulation to Advance Disaster Preparedness Assessments through FEMA National Household Survey Data},
	author = {Jiang, Zhenlong and Chen, Yudi and Yang, Ting-Yeh and Ji, Wenying and Dong, {Zhijie (Sasha)} and Ji, Ran},
	year = {2023},
	month = {05},
	date = {2023-05-15},
	journal = {Sustainability},
	pages = {8035},
	volume = {15},
	number = {10},
	doi = {10.3390/su15108035},
	url = {http://dx.doi.org/10.3390/su15108035},
	langid = {en}
}

@article{Osman_Altıntaş_2023, 
  title={Domains and Psychometric Properties of Scales Measuring Disaster Preparedness among General Population: A Systematic Literature Review}, 
  volume={38}, 
  DOI={10.1017/S1049023X23006386}, 
  number={5}, 
  journal={Prehospital and Disaster Medicine}, 
  author={Osman, Marwa and Altıntaş, Kerim Hakan}, year={2023}, pages={636–644}
} 
